1974 3216
121 190 161 252 26
320 208 457 248 ssnuurs
471 208 710 256 conuoouronmu

119 307 179 362 Eho
196 306 260 376 quid
276 307 334 360 sis'?
356 307 485 375 quo'niiido
496 308 524 359 id
539 308 651 360 accidit?
692 311 719 360 V.
737 309 827 368 Quum
839 311 919 364 redi--

118 395 173 432 rem
186 379 256 444 foris,
269 377 398 430 exciderat
408 375 473 428 milri
485 377 512 428 in
525 378 588 428 vico.
622 381 653 429 Τ.
667 379 743 430 Unde
755 380 907 436 excideret?

123 450 151 500 V.
170 449 192 500 Ε
209 447 282 499 theca
299 463 364 510 meo,
378 463 455 514 quam
473 447 648 513 imprudenter
665 459 777 515 apertam
795 448 910 516 relique-

118 533 182 569 ram.
222 519 251 568 T.
265 515 590 583 Quomddorecuperisti?
626 519 652 568 V.
666 517 807 570 Affixersm
819 521 908 572 stetim

118 585 259 638 chartulam
273 585 352 638 valvis
365 588 476 652 Januae:
496 594 555 652 post
571 586 709 652 prandium
721 588 825 654 quidam
842 597 915 655 puer'

118 665 205 708 sextae
216 655 301 708 classis
312 655 378 706 mihi
389 655 485 706 retulit.
516 657 546 706 Τ.
560 655 667 706 Utinam
676 671 766 708 omnes
776 665 829 708 tam
838 658 907 712 ude-

116 723 153 777 les
164 733 255 790 essent,
268 726 364 792 quires
376 724 480 776 amissas
491 724 629 792 repiriunt.
660 727 688 776 V.
701 723 818 778 Profecto
830 728 907 794 psuci

117 805 178 846 sunt
189 796 234 862 qui
245 795 388 858 restituant,
407 794 517 845 simodo
528 793 733 862 sitresalicujus
767 796 832 848 retii.
872 798 906 850 Τ.

117 865 155 916 Et
165 873 250 916 tumen
263 864 291 916 id
303 864 379 916 verbo
391 864 441 916 Dei
454 861 494 932 (2)
508 863 662 914 nominatim
674 865 835 932 praecipitur.
876 868 905 919 V.

118 933 238 993 Quidni?
258 942 296 986 est
313 933 382 984 enim
400 932 463 984 iurti
481 933 584 1001 species,
604 933 626 984 si
643 933 701 1000 quis
720 950 774 986 rem
793 933 905 996 slidnam

115 1001 246 1056 iuventam
265 1005 380 1064 retineat,
402 1003 479 1054 modo
495 1002 558 1054 scist
575 1003 616 1054 cui
637 1003 764 1055 reddenda
782 1004 824 1054 sit.
870 1007 905 1058 Τ.

116 1074 153 1124 At
163 1071 275 1140 plerique
286 1081 378 1140 putant
389 1089 416 1123 se
429 1073 489 1138 jure
504 1071 633 1139 possidere
645 1071 768 1139 quicquid
780 1073 904 1126 amissum

114 1142 269 1194 invenerint
303 1145 331 1193 V.
345 1141 488 1193 Errantilli
500 1140 604 1210 quidem
617 1139 773 1208 gravissIme.
805 1145 836 1194 T.
850 1145 904 1194 Ve-

114 1212 184 1277 rium,
196 1221 226 1264 ut
237 1211 372 1263 redeamus
383 1211 416 1262 sd
427 1209 560 1279 inceptum
570 1217 722 1276 sennonem,
735 1211 798 1278 quid
810 1211 903 1264 dedisti

114 1282 204 1349 puero,
217 1282 262 1350 qui
275 1280 421 1348 scalpellum
435 1288 509 1332 tuum
527 1279 681 1332 invenerat?
722 1283 749 1332 V.
764 1281 831 1332 Dedi
843 1297 903 1333 sex.

113 1357 220 1416 tantem,
232 1359 258 1403 et
269 1367 346 1402 nuces
361 1350 458 1418 aliquot
471 1349 623 1416 juglandes:
642 1349 746 1402 laudavi
763 1359 901 1419 praetereo,

114 1428 139 1470 et
156 1421 244 1487 paucis
262 1420 383 1470 admonui
400 1419 467 1470 idem
487 1434 586 1484 semper
604 1435 659 1471 esse
673 1419 828 1471 faciendum.
868 1423 901 1472 Τ.

114 1488 193 1542 secte
211 1489 304 1552 fecisti,
323 1489 359 1540 sic
376 1488 445 1540 euim
463 1486 584 1540 libentius
600 1487 689 1539 reddet
704 1489 777 1553 aliis,
798 1489 819 1543 si
837 1490 903 1557 quid

113 1557 244 1626 repirerit.
282 1557 331 1610 Sed
343 1555 406 1625 quid
418 1557 439 1607 si
457 1555 630 1626 perdidisses?
672 1559 698 1610 V.
712 1561 801 1626 Aequo
813 1557 901 1611 animo
978 1565 979 1593 l

114 1627 237 1692 tulissem,
250 1635 275 1679 et
287 1625 352 1677 mihi
365 1625 468 1678 emisses
479 1625 558 1680 uliud.
586 1629 617 1680 Τ.
628 1628 702 1679 ltine
711 1644 791 1695 aequo
800 1627 902 1682 tulisses

113 1695 220 1748 auimo?
261 1699 288 1750 V.
306 1695 443 1748 Certenon
456 1695 607 1764 sinesliqus
624 1696 746 1748 molestis.
786 1699 817 1749 Τ.
837 1699 901 1750 Non

111 1765 218 1834 igiturs
248 1782 282 1818 uo
293 1765 395 1821 animo:
414 1765 456 1818 sed
467 1764 661 1819 nolotesrctius
669 1773 768 1832 urgere.
797 1769 901 1822 V.Nou
976 1821 977 1826 ,

112 1837 240 1888 sumusT
258 1833 349 1902 eulogi.
388 1837 419 1888 Τ.
439 1834 510 1894 Quid
528 1834 607 1901 ergo?
649 1837 676 1887 V.
696 1835 900 1890 Grammaticisli.

116 1907 147 1958 Τ.
164 1905 199 1958 Et
217 1905 321 2026 {sudem
338 1905 459 1971 imperiti.
499 1907 527 1955 V.
546 1907 629 1956 Tanto
647 1903 795 1973 diligentius
813 1907 900 1958 Deum

110 1975 210 2042 precari
239 1974 353 2037 ebemus,
365 1983 396 2024 ut
407 1989 452 2042 per
464 1971 634 2040 Evangelium
653 1990 728 2025 suum
745 1990 792 2025 nos
808 1973 900 2028 liberet

110 2044 143 2096 sb
154 2044 311 2114 ignorantiae
322 2043 443 2108 tenebris,
461 2043 595 2111 inquibus
610 2051 635 2096 et
646 2044 740 2095 versuti
758 2059 856 2110 sumus,
874 2055 900 2098 et

111 2112 196 2166 adhuc
207 2121 347 2166 versemur.
386 2115 418 2165 T.
439 2113 470 2164 ld
482 2110 542 2163 vero
554 2113 688 2176 faciemus,
707 2113 728 2164 si
746 2114 839 2164 sanctis
852 2113 899 2166 ad-

110 2183 296 2236 monitionibus
307 2190 453 2250 psresmus
467 2197 530 2249 quos
541 2182 661 2234 cudimus
672 2182 786 2249 quotidie
797 2181 813 2233 ὲ
825 2199 899 2250 prse-

110 2258 219 2319 captore,
238 2259 264 2304 et
275 2267 349 2320 saepe
359 2254 377 2303 d
389 2251 618 2313 concionatoribus,
636 2251 718 2304 divini
731 2251 801 2303 verbi
813 2251 899 2304 admi-
972 2279 973 2303 r

109 2319 203 2402 sistris
244 2323 272 2374 V.
285 2320 352 2372 Vide
364 2331 486 2388 quantam
502 2319 630 2402 profuerit
639 2321 712 2404 nobis
724 2319 834 2404 scalpelli
846 2323 899 2402 mei

109 2405 220 2442 amissio.
261 2391 293 2442 Τ.
312 2390 352 2441 Ob
364 2407 420 2442 eum
432 2407 487 2442 rem
499 2390 547 2442 ubi
558 2389 695 2457 dupliciter
706 2389 830 2458 gratulor,
840 2405 899 2458 prr-

106 2456 182 2514 soum
202 2457 273 2526 quid
291 2459 338 2510 tibi
356 2457 423 2512 recte
440 2459 558 2524 emerim,
576 2459 669 2512 deinde
686 2457 757 2526 qudd
773 2459 898 2514 amissum

105 2544 167 2580 recu
213 2527 304 2608 everis
344 2531 372 2580 V.
393 2529 482 2581 Habeo
498 2527 545 2580 tibi
563 2529 679 2609 gretiam,
697 2529 735 2580 mi
754 2527 897 2582 Theodore.
970 2523 971 2539 ¹

111 2599 143 2650 Τ.
158 2543 212 2668 (pp
215 2600 287 2656 Qum
300 2599 370 2650 Pstrs
381 2605 468 2652 nostro
479 2597 580 2650 coelesu
597 2607 631 2650 sn
645 2598 700 2650 laus
712 2607 737 2650 et
754 2599 897 2666 gratiarum
969 2649 970 2657 ,

106 2667 181 2722 sotio.
221 2669 248 2718 V.
261 2670 354 2720 Amen.

136 2748 174 2822 (l)¹
190 2753 278 2800 Parum
293 2753 376 2822 abfuit,
392 2752 449 2822 quin
464 2751 627 2822 perdiderim]
659 2753 738 2800 Illud
762 2755 897 2804 'stolum
968 2757 969 2764 ’

106 2811 150 2858 lost
166 2815 192 2857 ot·
228 2809 265 2870 (i)
285 2809 452 2872 Nominatum]
490 2812 661 2870 Partsculurly.
691 2811 729 2874 (3)
770 2814 810 2862 uin
826 2815 896 2872 putri,
967 2883 968 2893 γ

107 2867 165 2928 dtu]
198 2867 296 2924 Rarum,
309 2871 352 2914 &c
